@book{campbell2012introduction,
  title={Introduction to Compiler Construction in a Java World},
  author={Campbell, Bill and Iyer, Swami and Akbal-Delibas, Bahar},
  year={2012},
  publisher={CRC Press}
}
